<record xmlns:xsi="http://www.w3.org/2001/XMLSchema-instance" xmlns="http://www.loc.gov/MARC21/slim" xsi:schemaLocation="http://www.loc.gov/MARC21/slim http://www.loc.gov/standards/marcxml/schema/MARC21slim.xsd">

  <leader>01580nam a2200289Ia 4500</leader>
  <datafield ind1=" " tag="999" ind2=" ">
    <subfield code="c">590</subfield>
    <subfield code="d">590</subfield>
  </datafield>
  <controlfield tag="007">c| aa aaaaaaaa</controlfield>
  <controlfield tag="008">170215b2007    cr ||||| |||| 00| | spa d</controlfield>
  <datafield ind1=" " tag="020" ind2=" ">
    <subfield code="a">978-9968-527-00-2</subfield>
  </datafield>
  <datafield ind2=" " tag="090" ind1=" ">
    <subfield code="a">18.01.01 </subfield>
    <subfield code="b">1516 CD #11</subfield>
  </datafield>
  <datafield tag="100" ind1="1" ind2=" ">
    <subfield code="a">Chaves Salas, Ana Lupita</subfield>
    <subfield code="9">255</subfield>
  </datafield>
  <datafield tag="245" ind1="1" ind2="0">
    <subfield code="a">Investigación Acción Colaborativa: un encuentro con el quehacer cotidiano del centro educativo para su transformación / </subfield>
    <subfield code="c">Lupita Chaves Salas; María Díaz Madrigal; Jacqueline García Fallas; Grace Rojas Alvarado; Norma Solís Sánchez</subfield>
  </datafield>
  <datafield tag="260" ind1=" " ind2=" ">
    <subfield code="a">San José, Costa Rica : </subfield>
    <subfield code="b">INIE, </subfield>
    <subfield code="c">2007</subfield>
  </datafield>
  <datafield tag="300" ind1=" " ind2=" ">
    <subfield code="a">1 Disco compacto</subfield>
  </datafield>
  <datafield tag="490" ind1=" " ind2=" ">
    <subfield code="a">Colección Yigüiro</subfield>
  </datafield>
  <datafield ind1=" " tag="500" ind2=" ">
    <subfield code="a">Incluye CD #11 </subfield>
  </datafield>
  <datafield ind1=" " tag="520" ind2=" ">
    <subfield code="a">El contenido de este libro es producto de una investigación-acción colaborativa que se desarrolló durante tres años en un centro educativo, con la participación de educadoras, directora y asistente de dirección además de las autoras que pertenecen al Departamento de Análisis y Orientación de los Procesos de Enseñanza y Aprendizaje (PEA) del Centro Nacional de Didáctica, dependencia del Ministerio de Educación Pública y al Instituto de Investigación en Educación de la Universidad de Costa Rica.</subfield>
  </datafield>
  <datafield tag="650" ind1="1" ind2="4">
    <subfield code="a">INVESTIGACIÓN ACCIÓN</subfield>
    <subfield code="9">1072</subfield>
  </datafield>
  <datafield tag="650" ind1="1" ind2="4">
    <subfield code="a">EDUCACIÓN</subfield>
    <subfield code="9">1</subfield>
  </datafield>
  <datafield ind1="1" tag="650" ind2="4">
    <subfield code="a">INNOVACIONES</subfield>
    <subfield code="9">649</subfield>
  </datafield>
  <datafield ind2="4" ind1="1" tag="650">
    <subfield code="a">ESCUELAS </subfield>
    <subfield code="9">300</subfield>
  </datafield>
  <datafield tag="650" ind1="1" ind2="4">
    <subfield code="a">INVESTIGACIÓN SOCIAL</subfield>
    <subfield code="9">290</subfield>
  </datafield>
  <datafield ind1="1" tag="700" ind2=" ">
    <subfield code="9">1438</subfield>
    <subfield code="a">Díaz Madrigal, María</subfield>
  </datafield>
  <datafield ind1="1" tag="700" ind2=" ">
    <subfield code="9">759</subfield>
    <subfield code="a">García Fallas, Jacqueline</subfield>
  </datafield>
  <datafield tag="700" ind1="1" ind2=" ">
    <subfield code="9">1812</subfield>
    <subfield code="a">Rojas, Alvarado, Grace</subfield>
  </datafield>
  <datafield tag="700" ind1="1" ind2=" ">
    <subfield code="9">2476</subfield>
    <subfield code="a">Solís Sánchez, Norma</subfield>
  </datafield>
  <datafield ind2=" " tag="942" ind1=" ">
    <subfield code="2">z</subfield>
    <subfield code="c">01</subfield>
  </datafield>
</record>